begin{thebibliography}{1}
@article{Wenzel_2017,
	doi = {10.1088/1742-6596/898/7/072032},
	url = {https://doi.org/10.1088/1742-6596/898/7/072032},
	year = 2017,
	month = {oct},
	publisher = {{IOP} Publishing},
	volume = {898},
	pages = {072032},
	author = {Sandro Wenzel and Yang Zhang and},
	title = {Accelerating navigation in the {VecGeom} geometry modeller},
	journal = {Journal of Physics: Conference Series}
}

@article{Apostolakis_2015,
	doi = {10.1088/1742-6596/608/1/012023},
	url = {https://doi.org/10.1088/1742-6596/608/1/012023},
	year = 2015,
	month = {may},
	publisher = {{IOP} Publishing},
	volume = {608},
	pages = {012023},
	author = {J Apostolakis and M Bandieramonte and G Bitzes and R Brun and P Canal and F Carminati and G Cosmo and J C De Fine Licht and L Duhem and V D Elvira and A Gheata and S Y Jun and G Lima and T Nikitina and M Novak and R Sehgal and O Shadura and S Wenzel},
	title = {Towards a high performance geometry library for particle-detector simulations},
	journal = {Journal of Physics: Conference Series}
}

@article{Apostolakis_2018,
	author = {Apostolakis, John and Cosmo, Gabriele and Gheata, Andrei and Gheata, Mihaela and Sehgal, Raman and Wenzel, Sandro},
	year = {2019},
	month = {01},
	pages = {02025},
	title = {A vectorization approach for multifaceted solids in VecGeom},
	volume = {214},
	journal = {EPJ Web of Conferences},
	doi = {10.1051/epjconf/201921402025}
}



end{thebibliography}